<?xml version="1.0" encoding="UTF-8" standalone="no"?>
<Document xmlns="urn:iso:std:iso:20022:tech:xsd:pain.008.001.02">
 <CstmrDrctDbtInitn>
  <GrpHdr>
   <MsgId>RE20230926103630168</MsgId>
   <CreDtTm>2023-09-26T10:36:30</CreDtTm>
   <NbOfTxs>1</NbOfTxs>
   <CtrlSum>907.5</CtrlSum>
   <InitgPty>
    <Nm>TOT PER CONSTRUIR 2012, S.L.</Nm>
    <Id>
     <OrgId>
      <Othr>
       <Id>ES70001B97311831</Id>
      </Othr>
     </OrgId>
    </Id>
   </InitgPty>
  </GrpHdr>
  <PmtInf>
   <PmtInfId>20230926-RCUR</PmtInfId>
   <PmtMtd>DD</PmtMtd>
   <NbOfTxs>1</NbOfTxs>
   <CtrlSum>907.5</CtrlSum>
   <PmtTpInf>
    <SvcLvl>
     <Cd>SEPA</Cd>
    </SvcLvl>
    <LclInstrm>
     <Cd>CORE</Cd>
    </LclInstrm>
   </PmtTpInf>
   <ReqdColltnDt></ReqdColltnDt>
   <Cdtr>
    <Nm>TOT PER CONSTRUIR 2012, S.L.</Nm>
    <PstlAdr>
     <Ctry>ES</Ctry>
    </PstlAdr>
   </Cdtr>
   <CdtrAcct>
    <Id>
     <IBAN>ES8401821072050201643134</IBAN>
    </Id>
    <Ccy>EUR</Ccy>
   </CdtrAcct>
   <CdtrAgt>
    <FinInstnId>
     <BIC>BBVAESMM</BIC>
    </FinInstnId>
   </CdtrAgt>
   <ChrgBr>SLEV</ChrgBr>
   <CdtrSchmeId>
    <Id>
     <PrvtId>
      <Othr>
       <Id>ES07001B98472434</Id>
       <SchmeNm>
        <Prtry>SEPA</Prtry>
       </SchmeNm>
      </Othr>
     </PrvtId>
    </Id>
   </CdtrSchmeId>
   <DrctDbtTxInf>
    <PmtId>
     <InstrId>16859-</InstrId>
     <EndToEndId>16859-</EndToEndId>
    </PmtId>
    <InstdAmt Ccy="EUR">907.50</InstdAmt>
    <DrctDbtTx>
     <MndtRltdInf>
      <MndtId>14</MndtId>
      <DtOfSgntr>2023-09-21</DtOfSgntr>
     </MndtRltdInf>
    </DrctDbtTx>
    <DbtrAgt>
     <FinInstnId>
      <BIC>PRDVESM1XXX</BIC>
     </FinInstnId>
    </DbtrAgt>
    <Dbtr>
     <Nm>test</Nm>
    </Dbtr>
    <PstlAdr>
     <Ctry>
      <Ctry>ES</Ctry>
     </Ctry>
    </PstlAdr>
    <DbtrAcct>
     <Id>
      <IBAN>es0011441111111111111111</IBAN>
     </Id>
    </DbtrAcct>
    <RmtInf>
     <Ustrd>Cobro Fra 59 - Cobro Fra.59</Ustrd>
    </RmtInf>
   </DrctDbtTxInf>
  </PmtInf>
 </CstmrDrctDbtInitn>
</Document>
